@@ -0,0 +1,279 @@
%Bibliographic entries for CCS RRI 2018 paper on Meat Shops
%Newspaper Citations

@article{aggarwalnews,
author = {Aggarwal, Mayank},
title  = {CPCB says India’s slaughterhouses need to upgrade to check pollution.},
date   = {2017-10-25},
journal = {Livemint},
url    = {https://bit.ly/2pnjH8a}}

@article{bhardwajnews,
author = {Bhardwaj, Nidhi},
title = {In Delhi, Making a Mess of Abattoir Modernization},
date = {2009-03-11},
journal = {Livemint},
url = {http://bit.ly/2poXQNw}}

@article{indiannews,
author = {ENS},
title = {Ghazipur Slaughterhouse: Cattle Being Electrocuted, not Stunned Before Slaughter, Says Mayor},
date = {2016-08-19},
journal = {The Indian Express},
url = {http://bit.ly/2xEuL4n}}

@article{kateshiyanews,
author = {Kateshiya, G. B.},
title = {Despite Boom, Govt Bans All Livestock Exports from Ports Indefinitely},
date = {2018-08-10},
journal = {The Indian Express},
url = {http://bit.ly/2O02BLh}}

@article{maanvinews,
author = {Maanvi},
title = {Livestock Electrocuted, Skinned Alive at Ghazipur Slaughterhouse},
date = {2016-08-17},
journal = {The Quint},
url = {http://bit.ly/2xvH3gd}}

@article{mahaptranews,
author = {Mahapatra, Dhananjay},
title = {Hi-tech Abattoir Lacks Basics},
date = {2009-03-05},
journal = {The Times of India},
url = {http://bit.ly/2NrOyPf}}

@article{sharmanews,
author = {Sharma, Betwa},
title = {India, World’s Largest Livestock Owner, Balks at Farming Gas Curbs in Doha},
date = {2012-12-05},
journal = {The New York Times},
url = {https://nyti.ms/2OBNd4W}}

@article{singhnews,
author = {Singh, Paras},
title = {Delhi’s First Pig Abattoir to Come Up in Four Years},
date = {2017-07-07},
journal = {The Times of India},
url = {http://bit.ly/2QL9YoB}}

@article{mukherjeenews,
author = {Mukherjee, Sanjeeb},
title = {India's Meat Production Rises 8.48\% in July-October 2016-17},
date = {2018-02-17},
journal = {Business Standard},
url = {http://bit.ly/2xDzxPP}}

@article{hindunews,
author = {{Staff Reporter}},
title = {MCD Announces Plans for Ghazipur Slaughterhouse},
date = {2010-04-01},
journal = {The Hindu},
url = {http://bit.ly/2OBNJjo}}

@article{hindu1news,
author = {{Staff Reporter}},
title = {Ghazipur Slaughterhouse Made Fully Functional},
date = {2008-09-02},
journal = {The Hindu},
url = {http://bit.ly/2xtIj3t}}

@article{tnnnews,
author = {{TNN}},
title = {Government Seeks Land for Pig Slaughterhouse},
date = {2012-08-04},
journal = {The Times of India},
url = {http://bit.ly/2xvIew9}}

%Online Reports
@online{apedastats,
author = {{APEDA}},
title = {Buffalo Meat},
year = {2018},
url = {https://bit.ly/2H8G7Ac.},
urldate = {2018-08-21}}

@online{awbi_role,
author = {AWBI},
title = {Role and Functions},
year = 2015,
url = {https://bit.ly/2xvDo1X},
urldate = {2018-08-10}}

@online{cmiestats,
author = {CMIE},
title = {Meat Production by Type of Animal- 1998-99 to 2016-17},
year = {2018},

@online{cpcbreport,
author = {CPCB},
title = {Revised Comprehensive Industry Document On Slaughter Houses},
year = {2017},
url = {http://bit.ly/2NYXYRT},
urldate = {2018-08-10}}

@online{economicreport,
author = {{Ministry of Finance}},
title = {Economic Survey 2017-18 Statistical Appendix},
date = {2018-01-30},
url = {http://bit.ly/2IrDw6J}}

@online{mspireport,
author = {{Ministry of Statistics and Programme Implementation}},
title = {Nutritional Intake in India},
year = {2014},
url = {http://bit.ly/2QOztWb}}

@online{nssostats,
author = {{National Sample Survey Office}},
title = {National Sample Survey 2013},
year = {2014},
url = {http://bit.ly/2NtP4Mz}}

@online{oecdreport,
author = {OECD},
title = {Procedural Fairness and Transparency},
year = {2012},
url = {http://bit.ly/2OHmofU}}

@online{oecd1report,
author = {OECD},
title = {Regulatory Enforcement and Inspections},
year = {2014},
url = {http://bit.ly/2NYYWgZ}}

@online{petareport,
author = {PETA},
title = {Animals Electrocuted at Ghazipur Slaughterhouse},
year = {2006},
urldate = {2018-08-10},
url = {http://bit.ly/2xAoGXJ}}

%Published Reports
@report{blancreport,
author = {Blanc, Florentin},
title = {Inspection Reforms: Why, How, and With What Results},
institution = {OECD},
date = {2017-10-19},
url = { http://bit.ly/2pqf1OI}}

@report{dah1report,
author = {{Department of Animal Husbandry, Dairying and Fisheries}},
title = {Tables of Milk, Egg, Meat and Wool Production 2016-17},
institution = {Department of Animal Husbandry, Dairying and Fisheries.},
date = {2017},
urldate = {2018-08-10},
url = {http://bit.ly/2QNGOVS}}

@report{dahreport,
author = {{Department of Animal Husbandry, Dairying and Fisheries}},
title = {Annual Report 2016-17.},
institution = {Department of Animal Husbandry, Dairying and Fisheries.},
date = {2017},
urldate = {2018-08-10},
url = {http://bit.ly/2PSsg64}}

@report{censusreport,
author = {{Registrar General and Census Commissioner of India}},
title = {Sample Registration System, Baseline Survey 2014},
institution = {Department of Animal Husbandry, Dairying and Fisheries.},
date = {2014},
urldate = {2018-08-10},
url = {http://bit.ly/2QQTV8X.}}

% Legislation
@Legislation{dpccconsent,
author = {DPCC},
title = {Consent Policy},
urldate = {2018-07-21},
url = {http://bit.ly/2O1w2N4}}

@Legislation{fssaireg,
author = {FSSAI},
title = {Food Safety and Standards (Licensing and Registration of Food Business), Regulations 2011},
urldate = {2018-07-21},
year = {2011}
url = {http://bit.ly/2MQhZoY}}

%Research Papers
@paper{chaudrypaper,
author = {Chaudry, M.M., and A. Shimshony},
title = {Slaughter of Animals for Human Consumption},
journal = {Scientific and Technical Review of the Office International des Epizooties (Paris)},
year = {2011},
pages = {693–710},
url = {http://bit.ly/2xGWEci}}

@paper{desotopaper,
author = {De Soto, Hernando},
title = {Informality and Development},
journal = {Harvard University},
year = {1989},
url = {http://bit.ly/2xMknYDi}}

@paper{duttapaper,
author = {Dutta, N., S. Kar, and S. Roy},
title = {Informal Sector and Corruption: An Empirical Investigation for India},
journal = {Forschungsinstitut zur Zukunft der Arbeit Institute for the Study of Labor},
year = {2011},
url = {http://bit.ly/2QQThIz}}

@paper{laportapaper,
author = {La Porta, Rafael, and Andrei Shleifer},
title = {Informality and Development},
journal = {Journal of Economic Perspectives},
year = {2014},
pages = {109–26},
url = {http://bit.ly/2xMknYD}}

@paper{mortonpaper,
author = {Morton, Justin, and Senior Sophister},
title = {Monopoly and X-Efficiency.},
journal = {Trinity College Dublin},
year = {1995},
url = {http://bit.ly/2xtGWll}}

@paper{praderepaper,
author = {Pradere, J. P.},
title = {Links Between Livestock Production, the Environment and Sustainable Development.},
journal = {World Organisation for Animal Health. Revue Scientifique Et Technique},
year = {2014},
pages = {765–81, 745–63.},
url = {http://bit.ly/2NrCca3}}

%Chapters
@incollection{roychapter,
author = {Roy, Shubho, Ajay Shah, B. N. Srikrishna, and Somasekhar Sundaresan},
title = {Building State Capacity for Regulation in India},
booktitle = {Regulation in India: Design, Capacity, Performance },
publisher = {Oxford: Hart Publishing},
year = {2019},
url = {http://bit.ly/2xuRmky}}

