%Bibliographic entries of Aggregators paper

%Newspaper Citations

@article{Agarwalnews,
author = {Agarwal, Surabhi},
title  = {Delhi's Taxi Regulations Amended to Bring Uber and Others Back},
date   = {2014-11-30},
journal = {Business Standard},
url    = {https://bit.ly/2NbxtEb}}

@article{Chaturvedinews,
author = {Chaturvedi, Anumeha},
title = {Hotel Industry Seeks Uniformity in Regulations},
date = {2017-01-30},
journal = {The Economic Times},
url = {https://bit.ly/2xP4SzD}}

@article{Kalra2017,
author = {Kalra, Aditya and Paresh Dave},
title = {Meru Files New Complaints against Uber, Ola with CCI},
date = {2017-10-11},
journal = {Livemint},
url = {https://bit.ly/2y53eJt}}

@article{LaghateG,
author = {Laghate, Gaurav},
title = {For Airbnb, Growth in India Happening at a Different Level},
date = {2017-10-07},
journal = {The Economic Times},
url = {https://bit.ly/2QlCvQn}}

@article{PTI2017,
author = {PTI},
title = {India Business Growing at Over 100\% Year-on-Year: Uber},
date = {2017-08-10},
journal = {Livemint},
url = {https://bit.ly/2NcL9yR}}

@article{PTI2018,
author = {PTI},
title = {India One of Our Healthiest Markets: Uber CEO},
journal = {The Economic Times},
date = {2018-04-01},
url = {https://bit.ly/2zGhvhL}}

@article{Venkatesh17,
author = {Venkatesh, Mahua},
title = {Soon, Insurance Cover While Hiring Taxi Service Much Like Airlines, Railways},
journal = {Hindustan Times},
date = {2017-02-02},
url = {https://bit.ly/2pjGdP1}}

%Research Papers
@article{aghionpaper,
title={Regulation and distrust},
  author={Aghion, Philippe and Algan, Yann and Cahuc, Pierre and Shleifer, Andrei},
  journal={The Quarterly Journal of Economics},
  volume={125},
  number={3},
  pages={1015--1049},
  year={2010},
  publisher={MIT Press}}

@article{dai2012optimal,
  title={Optimal aggregation of consumer ratings: an application to yelp. com},
  author={Dai, Weijia and Jin, Ginger Z and Lee, Jungmin and Luca, Michael},
  year={2012},
  institution={National Bureau of Economic Research}}

@article{EYreport,
author = {Ernst and Young LLP},
title = {The Rise of the Sharing Economy},
url = {https://doi.org/10.1111/jiec.12619}}

@article{ert2016trust,
  title={Trust and reputation in the sharing economy: The role of personal photos in Airbnb},
  author={Ert, Eyal and Fleischer, Aliza and Magen, Nathan},
  journal={Tourism Management},
  volume={55},
  pages={62--73},
  year={2016},
  publisher={Elsevier}}

@article{hu2017self,
  title={On self-selection biases in online product reviews},
  author={Hu, Nan and Pavlou, Paul A and Zhang, Jie},
  journal={MIS Quarterly},
  volume={41},
  number={2},
  pages={449--471},
  year={2017},
  publisher={Society for Information Management and The Management Information Systems Research Center}}

@article{ivanova2017can,
  title={How can online marketplaces reduce rating manipulation? A new approach on dynamic aggregation of online ratings},
  author={Ivanova, Olga and Scholz, Michael},
  journal={Decision Support Systems},
  volume={104},
  pages={64--78},
  year={2017},
  publisher={Elsevier}}

@article{koopman2014sharing,
  title={The sharing economy and consumer protection regulation: The case for policy change},
  author={Koopman, Christopher and Mitchell, Matthew and Thierer, Adam},
  journal={J. Bus. Entrepreneurship \& L.},
  volume={8},
  pages={529},
  year={2014},
  publisher={HeinOnline}}

@article{luca2016reviews,
  title={Reviews, reputation, and revenue: The case of Yelp. com},
  author={Luca, Michael},
  year={2016}}

@article{luca2016fake,
  title={Fake it till you make it: Reputation, competition, and Yelp review fraud},
  author={Luca, Michael and Zervas, Georgios},
  journal={Management Science},
  volume={62},
  number={12},
  pages={3412--3427},
  year={2016},
  publisher={INFORMS}}

@article{thierer2015internet,
  title={How the internet, the sharing economy, and reputational feedback mechanisms solve the lemons problem},
  author={Thierer, Adam and Koopman, Christopher and Hobson, Anne and Kuiper, Chris},
  journal={U. Miami L. Rev.},
  volume={70},
  pages={830},
  year={2015},
  publisher={HeinOnline}}

@article{hamari2016sharing,
  title={The sharing economy: Why people participate in collaborative consumption},
  author={Hamari, Juho and Sj{\"o}klint, Mimmi and Ukkonen, Antti},
  journal={Journal of the association for information science and technology},
  volume={67},
  number={9},
  pages={2047--2059},
  year={2016},
  publisher={Wiley Online Library}}

@article{feeney2015ridesharing,
  title={Is ridesharing safe?},
  author={Feeney, Matthew and companies Uber, Rideshare},
  year={2015},
  publisher={Cato Institute}}

@article{wu2016impact,
  title={Impact of shared economy on urban sustainability: From the perspective of social, economic, and environmental sustainability},
  author={Wu, Xuemei and Zhi, Qiang},
  journal={Energy Procedia},
  volume={104},
  pages={191--196},
  year={2016},
  publisher={Elsevier}}

@article{bhole2017effectiveness,
  title={The effectiveness of online reviews in the presence of self-selection bias},
  author={Bhole, Bharat and Hanna, Br{\'\i}d},
  journal={Simulation Modelling Practice and Theory},
  volume={77},
  pages={108--123},
  year={2017},
  publisher={Elsevier}}

%Chapters
@incollection{BotsmanR,
author = {Botsman, Rachel},
title = {Evolution of Trust},
booktitle = {Who Can You Trust?: How Technology Brought Us Together: and Why It Could Drive Us Apart},
publisher = {Penguin},
year = {2017}}

@book{dudley2012regulation,
  title={Regulation: a primer},
  author={Dudley, Susan E and Brito, Jerry},
  year={2012},
  publisher={The Mercatus Center at George Mason University}
}

%Blog posts
@misc{ChaddahP,
author = {Chaddah, Pankajl},
title = {Trust, But Verify},
organization= {Zomato Blog},
date= {2016-05-19},
url = {https://bit.ly/2OuiaLP}}

@misc{GoyalD2012,
author = {Goyal, Deepinder},
title = {Improving the Ratings System on Zomato},
organization= {Zomato Blog},
date= {2012-11-24},
url = {https://bit.ly/2xOsynP}}

@misc{GoyalD2017,
author = {Goyal, Deepinder},
title = {Introducing the Food Hygiene Ratings Initiative by Zomato},
organization= {Zomato Blog},
date= {2017-10-31},
url = {https://bit.ly/2IqnkCN}}


@misc{Narang17,
author = {Narang, Ruchika},
title = {With Great Power Comes Great Responsibility},
organization= {Zomato Blog},
date= {2017-02-13},
url = {https://bit.ly/2DGQZJp}}

%Online Reports
@online{BrightLocal17,
author = {BrightLocal},
title = {Local Consumer Review Survey},
date = {2017},
url = {https://bit.ly/29hKyhf}}
urldate = {2018-07-05}}




