%Bibliographic entries for CCS RRI 2018 paper on Labour Inspections in India.


%%%%%%%%%%%%%%%%%%%%%%%%%%%%%%%%%%%%%%%%%%%%%%%%%%%%%%%%%
%Websites/Webpages
%%%%%%%%%%%%%%%%%%%%%%%%%%%%%%%%%%%%%%%%%%%%%%%%%%%%%%%%%



@online{apgovernment,
	author = 	{{Government of AP}},
	Title = 	{Labour Department},
	Url = 		{http://labour.ap.gov.in/},
	urldate = 	{2018-07-25}}

@online{officeofthelabourcommissioner,
	author = 	{{Government of NCT of Delhi, Labour Department}},
	Date =         	{2017-01-25},
	Title = 	{List of Acts Implemented by the Department},
	Url = 		{http://bit.ly/2Cu13mW},
%	Date-Modified = {2017-01-25},
	urldate = 	{2018-07-25}}


@online{inspectionsop,
	author = 	{{Government of NCT of Delhi, Labour Department}},
	Title = 	{Inspection Procedure for carrying out Inspections by Labour Department},
	Url = 		{http://bit.ly/2yPYoQG},
	urldate = 	{2018-07-25}}

@online{equalremuneration,
	author = 	{{Government of NCT of Delhi, Labour Department}},
	Date =         	{2017-02-03},
	Title = 	{The Equal Remuneration Act, 1976},
	Url = 		{http://bit.ly/2QXX1a8},
%	Date-Modified = {2017-02-03},
	urldate = 	{2018-07-25}}

@online{manual1,
	author = 	{{Government of NCT of Delhi, Labour Department}},
	Date =         	{2015-01-23},
	Title = 	{Manual 1 - Particulars of organization, functions and duties},
	Url = 		{http://bit.ly/2PElWzn},
%	Date-Modified = {2015-01-23},
	urldate = 	{2018-07-25}}

@online{ilouk,
	author = 	{{International Labour Organization}},
	Date =         	{2009-03-01},
	Title = 	{United Kingdom},
	Url = 		{http://bit.ly/2pYQLn1},
	urldate = 	{2018-07-25}}

@online{mahaonline,
	author = 	{{Labour Department}},
	Title = 	{Labour Management System},
	Url = 		{http://bit.ly/2CrpbpW},
	urldate = 	{2018-07-25}}





%%%%%%%%%%%%%%%%%%%%%%%%%%%%%%%%%%%%%%%%%%%%%%%%%%%%%%%%%
%Newspaper Citations
%%%%%%%%%%%%%%%%%%%%%%%%%%%%%%%%%%%%%%%%%%%%%%%%%%%%%%%%%

@article{hindunews,
author = {Nath, Damini},
title  = {Only 17 Inspectors for 40,000 Lifts in Delhi},
date   = {2017-06-20},
journal = {The Hindu},
url    = {http://bit.ly/2yJrT6S}}

@article{financeexpress,
author = {PTI},
title  = {Uniform Labour Code Will Be A Landmark Initiative, Says Haseeb Drabu},
date   = {2018-01-17},
journal = {Financial Express},
url    = {http://bit.ly/2J5tp89}}

@article{hindunews2,
author = {Sundar, Shyam K.R.},
title  = {The Much-Vilified Labour Inspector Raj},
date   = {2015-08-09},
journal = {The Hindu, Businessline},
url    = {http://bit.ly/2QYQg8g}}

@article{debroynews,
author = {Debroy, Bibek},
title = {Labour Law Reforms: Reduce Inspector Raj On Priority},
date = {2014-05-30},
journal = {Policy Puzzles, Economic Times},
url = {https://bit.ly/2PITfBf}}

@article{aljazeera,
author = {Tiwari, Pragya},
title  = {Manufacturing Discontent: India's Workers in Crisis},
date   = {2016-09-13},
journal = {Al Jazeera},
url    = {http://bit.ly/2PJgsUa}}

@article{scroll,
author = {Yadav, Anumeha},
title  = {There’s a Wage Crisis in Delhi’s Factories – and the Modi Government’s New Labour Laws Won’t Help},
date   = {2015-06-22},
journal = {Scroll.in},
url    = {http://bit.ly/2PbADNs}}


%%%%%%%%%%%%%%%%%%%%%%%%%%%%%%%%%%%%%%%%%%%%%%%%%%%%%%%%%
%Published Reports
%%%%%%%%%%%%%%%%%%%%%%%%%%%%%%%%%%%%%%%%%%%%%%%%%%%%%%%%%

@report{apareport,
author = {{American Psychological Association}},
title = {Record Keeping Guidelines},
institution = {American Psychological Association}, %No author as author is same as institution.
date = {2017},
url = {https://bit.ly/2ClU2Ev},
urldate = {2018-06-25}} % Access date is July 25, 2018 but no place to put it.

@report{europarliamentreport,
author = {{Committee on Employment and Social Affairs}},
title = {On Effective Labour Inspections as a Strategy to Improve Working Conditions in Europe},
institution = {European Parliament},
date = {2013},
url = {http://bit.ly/2NIVcMk}}

@report{enforcementmanual,
author = {{Department of Labour}},
title = {Enforcement Manual for Labour Inspectors},
institution = {South Africa},
url = {http://bit.ly/2yJtlGw}}

@report{bestpractices,
author = {Accenture},
title = {Best Practices to 'Improve the Business Environment' across states/UTs in India},
institution = {Department of Industrial Policy and Promotion},
date = {2014},
url = {http://bit.ly/2yWsGSf}}

@report{dippreport,
author = {{Government of India}},
title = {DIPP REPORTS},
institution = {Department of Industrial Policy and Promotion},
date = {2017},
url = {http://bit.ly/2P6liO8}}

@report{indiareport,
author = {{Government of India}},
title = {Labour Laws and Other Labour Regulations},
institution = {Planning Commission, New Delhi},
date = {2018}}

@report{iloreport,
author = {{International Labour Organization}},
title = {Report V - Labour Administration and Labour Inspection},
institution = {International Labour Organization},
date = {2011},
url = {http://bit.ly/2PdfTok}}

@report{iloreportamerica,
author = {{International Labour Organization}},
title = {The Role of Labour Administration and Inspection in Governance in the America},
institution = {International Labour Organization},
date = {2013},
url = {http://bit.ly/2J9QV40}}

@report{iloreportstatistics,
author = {{International Labour Organization}},
title = {Collection and Use of Labour Inspection Statistics},
institution = {International Labour Organization},
date = {2016},
url = {http://bit.ly/2PdgnLa}}

@report{iloreportlabour,
author = {{International Labour Organization}},
title = {Labour Inspection: What It Is and What It Does},
institution = {International Labour Organization},
date = {2010},
url = {http://bit.ly/2q1v1ab}}

@report{labourandemp,
author = {{Ministry of Labour and Employment}},
title = {Report of the Working Group on ‘Labour Laws & Other Regulations for the Twelfth Five Year Plan (2012-17)},
institution = {Ministry of Labour and Employment},
date = {2012},
url = {http://bit.ly/2R48khh}}

@report{oecdinspections,
author = {{OECD Library}},
title = {Regulatory Enforcement and Inspections},
institution = {OECD Best Practice Principles for Regulatory Policy, OECD Publishing},
date = {2014},
url = {http://bit.ly/2EuE1ih}}

@report{oecdinspections2,
author = {{OECD Library}},
title = {Regulatory Enforcement and Inspections Toolkit},
institution = {OECD Publishing, Paris},
date = {2018},
url = {http://bit.ly/2EyMiSq}}

%%%%%%%%%%%%%%%%%%%%%%%%%%%%%%%%%%%%%%%%%%%%%%%%%%%%%%%%%
%Research Papers
%%%%%%%%%%%%%%%%%%%%%%%%%%%%%%%%%%%%%%%%%%%%%%%%%%%%%%%%%

@article{chihher2005incorporation,
  title={Incorporation into the Indian Political Economy},
  author={Chihher, Vivek},
  journal={Social movements in India: Poverty, power, and politics},
  pages={32},
  year={2005},
  publisher={Rowman \& Littlefield Publishers}}


@article{deshingkarpaper,
author = {Deshingkar, Priya},
title = {Extending Labour Inspections to the Informal Sector and Agriculture},
journal = {Chronic Poverty Research Center Working Paper No. 154},
year = {2009},
month = {11},
url = {http://bit.ly/2J3U318}}

@article{gersen2007deadlines,
  title={Deadlines in administrative law},
  author={Gersen, Jacob E and O'Connell, Anne Joseph},
  journal={U. Pa. L. Rev.},
  volume={156},
  pages={923},
  year={2007},
  publisher={HeinOnline}}

@article{pandit1997narayan,
  title={Narayan Meghaji Lokhande: The Father of Trade Union Movement in India},
  author={Pandit, Nalini},
  journal={Economic and Political Weekly},
  pages={327--329},
  year={1997},
  publisher={JSTOR}
}

%%%%%%%%%%%%%%%%%%%%%%%%%%%%%%%%%%%%%%%%%%%%%%%%%%%%%%%%%
%Book
%%%%%%%%%%%%%%%%%%%%%%%%%%%%%%%%%%%%%%%%%%%%%%%%%%%%%%%%%

@book{ccshandbook,
author = {Center for Civil Society},
title = {State of Governance, Delhi Citizen Handbook 2006},
published = {Center for Civil Society},
year = {2006},
address = {New Delhi}}
