%Bibliographic entries for CCS RRI 2018 paper on Commercial Judiciary

%%%%%%%%%%%%%%%%%%%%%%%%%%%%%%%%%%%%%%%%%%%%%%%%%%%%%%%%%
% Primary Legislation
%%%%%%%%%%%%%%%%%%%%%%%%%%%%%%%%%%%%%%%%%%%%%%%%%%%%%%%%%

@legislation{commact,
  title =		{The Commercial Courts, Commercial Division and Commercial Appellate Division of High Courts Act, 2015},
  author =		{Ministry of Law and Justice},
  shortauthor =  	{MLJ},
  date =         	{2015},
  url =			{http://bit.ly/2xLGazx}}

@legislation{commord,
  title =		{The Commercial Courts, Commercial Division and Commercial Appellate Division of High Courts (Amendment) Ordinance, 2018},
  author =		{Ministry of Law and Justice},
  shortauthor =  	{MLJ},
  date =         	{2018},
  url =			{http://bit.ly/2DoqAzZ}}

%%%%%%%%%%%%%%%%%%%%%%%%%%%%%%%%%%%%%%%%%%%%%%%%%%%%%%%%%
%Newspaper Citations
%%%%%%%%%%%%%%%%%%%%%%%%%%%%%%%%%%%%%%%%%%%%%%%%%%%%%%%%%

%@article{circularnews,
author = {{High Court of Delhi}},
title  = {Circular of the  High Court of Delhi},
date   = {2015-11-17},
journal = {Gazette of India},
url    = {http://bit.ly/2xO5QLE}}


%%%%%%%%%%%%%%%%%%%%%%%%%%%%%%%%%%%%%%%%%%%%%%%%%%%%%%%%%
%Published Reports
%%%%%%%%%%%%%%%%%%%%%%%%%%%%%%%%%%%%%%%%%%%%%%%%%%%%%%%%%
@article{circularnews,
author = {{Press Information Bureau}},
title  = {Circular of the High Court of Delhi},
date   = {2015-11-17},
journal = {Gazette of India},
url    = {http://bit.ly/2xO5QLE}}

@report{WBreport,
author = {Dakolias, Maria and Freestone, David and Kyle, Peter},
title = {Legal and Judicial Reform: Strategic Directions},
institution = {World Bank},
place = {Washington DC},
date = {2003},
url = {http://bit.ly/2MXxaNk}}

@report{guilianareport,
author = {Palumbo, Giuliana, and Giupponi, Giulia, and Nunziata, Luca and Mora-Sanguinetti, Juan},
title = {Judicial Performance and its determinants: A Cross Country Perspective},
institution = {OECD},
year = {2013},
url = {http://bit.ly/2xKequV}}

@report{buscagliareport,
author = {Dakolias, Maria and Buscaglia, Edgardo},
title = {Judicial Reform in Latin American Courts: The Experience in Argentina and Ecuador},
institution = {{World Bank}},
year = {1996},
url = {https://bit.ly/2S1FmzI}}

@report{DBreport,
title = {Enforcing Contracts Questionnaire - New Delhi},
author = {{World Bank}},
institution = {World Bank},
year = {2018},
url = {http://bit.ly/2O2HUP2}}

@report{contractenfreport,
author = {OECD},
title = {Policy Framework for Investment: Contract enforcement and dispute resolution},
year = {2018},
url = {http://bit.ly/2puoowK}}

@report{DB2report,
title = {Enforcing Contracts Methodology},
institution = {World Bank},
year = {2018},
url = {http://bit.ly/2QUYcYY}}

@report{DBactualreport,
title = {Doing Business 2018},
institution = {World Bank},
year = {2018},
url = {http://bit.ly/2OK2TTK}}

@report{lawjournalreport,
title = {Report no. 245: Arrears and Backlog: Creating Additional Judicial (wo)manpower},
year = {2014},
institution = {{Law Commission of India}},
address = {New Delhi},
url = {http://bit.ly/2O0Lzgj}}

@report{enfcontractreport,
author = {{Department of Industrial Policy and Promotion}},
title = {Enforcing Contracts},
year = {2017},
url = {http://bit.ly/2O81DwH}}

@report{reformupdatereport,
author = {{Department of Industrial Policy and Promotion}},
title = {Reform Update- Enforcing Contracts – India (Both Delhi and Mumbai)},
year = {2018},
institution = {{Government of India}},
address = {New Delhi},
url = {http://bit.ly/2ONkESn}}

@report{indicatormethodreport,
author = {{Department of Industrial Policy and Promotion}},
title = {Indicator: Enforcing Contracts)},
institution = {{Government of India}},
address = {New Delhi},
url = {http://bit.ly/2xzIc6k}}

@report{nishithdesaireport,
author = {{Nishith Desai Associates}},
title = {Introduction of Commercial Courts: End of endless litigation},
year = {2017},
url = {http://bit.ly/2Dq9ZM8}}

@report{annualjudiciaryreport,
author = {{Supreme Court of India}},
title = {Annual Judiciary Report},
year = {2015,2016},
url = {http://bit.ly/2O4cPuo}}

@report{biennialreport,
author = {{High Court of Delhi}},
title = { Biennial Report: 2010- 12},
year = {2012},
url = {http://bit.ly/2QV5tbg}}

@report{MOJUKreport,
author = {{Ministry of Justice}},
title = {Civil Justice Statistics Quarterly, England and Wales (Incorporating The Royal Courts of Justice 2015)},
year = {2016},
url = {https://bit.ly/2NSEFWd}}

@report{tallaricoreport,
author = {Tallarico, Suzanne, and Douglas, John and Friess, Erika},
title = {Montana District Court Judicial Weighted Caseload Study},
institution = {NCSC},
year = {2014},
url = {https://bit.ly/2ECIEqG}}

@report{balmerreport,
author = {Balmer, Nigel and Genn, Dame Hazel},
title = {Court of Appeal: T\&M Data Analysis},
institution = {UCL Judicial Institute},
year = {2016},
url = {https://bit.ly/2yqdD3p}}

@report{lombardreport,
author = {Lombard, Patricia and Krafka, Carol},
title = {2003–2004 District Court Case-Weighting Study},
institution = {Federal Judicial Institute},
year = {2005},
url = {https://bit.ly/2Am1le9}}

%%%%%%%%%%%%%%%%%%%%%%%%%%%%%%%%%%%%%%%%%%%%%%%%%%%%%%%%%
%Research Papers
%%%%%%%%%%%%%%%%%%%%%%%%%%%%%%%%%%%%%%%%%%%%%%%%%%%%%%%%%

@article{kennethpaper,
author = {Dam, Kenneth W.},
title = {The Judiciary and Economic Development},
journal = {John M. Olin Law \& Economics (Second Series), Working Paper},
year = {2006},
url = {http://bit.ly/2DrF3Lh}}

@article{espositopaper,
author = {Esposito, Gianluca and Lanau, Sergi and Pompe, Sebastiaan},
title = {Judicial System Reform in Italy: A Key to Growth},
journal = {IMF Working Paper},
year = {2014},
volume = {14},
issue = {32},
url = {http://bit.ly/2I8eoBU}}

@article{dakoliapapers,
author = {Dakolias, Maria},
title = {Court Performance Around the World: A Comparative Perspective},
journal = {Yale Human Rights and Development Journal},
year = {1999},
volume = {2},
issue = {1},
url = {http://bit.ly/2xyPkA9}}

@article{Vidhipaper,
author = {Khaitan, Nitika and Seetharam, Shalini and Chandrashekaran, Sumathi},
title = {Inefficiency and Judicial Delay: New Insights From the Delhi High Court},
journal = {Vidhi, Centre for Legal Policy},
year = {2017},
url = {http://bit.ly/2xGOQai}}

@article{dakshpaper,
author = {DAKSH},
title = {Time and Motion Study of Four District and Session Courts in Bangalore, Karnataka},
year= {2016},
url = {http://bit.ly/2xzLO8t}}

@article{shubhopaper,
author = {Regy, Prasanth V. and Roy, Shubho},
title = {Understanding Judicial Delays in Debt Tribunals},
journal = {NIPFP},
year = {2017},
url = {http://bit.ly/2Q0Cy43}}

@article{specializedcourtpaper,
author = {Gramckow, Heike and Walsh, Barry},
title = {Developing Specialized Court Services: International Experiences and Lessons Learned},
journal = {World Bank},
year = {2013},
url = {http://bit.ly/2O3Y6Q0}}

@article{ugandapaper,
author = {{Hon Justice B. J. Odoki}},
title = {The Relevance of Commercial Courts to the Modern Judiciary: A case study from Uganda},
year= {2010},
url = {http://bit.ly/2O2HgB6}}

@article{applebaumpapers,
author = {Lee Applebaum},
title = {Future Trends in State Courts},
year = {2011},
pages = {70-75},
url = {http://bit.ly/2QV6q2Z}}

@article{dakshdecodepapers,
author = {Mandyam, Kishore,  Narasappa, Harish,  Tirumalai, Ramya Sridhar and Murthy, Kavya},
title = {Decoding Delay: Analysis of Court Data},
url = {http://bit.ly/2Q0z55t}}
