

%Reports
@report{blancflorentin,
author = {Blanc, Florentin},
title = {Inspections Reforms: Why, How, and With What Results},
date = {2012},
organisation = {OECD},
url = {https://bit.ly/2MDuSCJ}}

@report{CPCBrc,
author = {{Central Pollution Control Board}},
title = {Final Document on Revised Classification of Industrial Sectors Under Red, Orange, Green and White Categories},
date = {2016},
url = {https://bit.ly/2xeWF7K}}

@report{dechenaux,
author = {Dechenaux, Emmanuel},
title = {Announced vs. Surprise Inspections with Tipping-Off},
date = {2014},
journal = {European Journal of Political Economy},
pages = {167--83},
url = {https://bit.ly/2Ni9qs1}}

@report{DPCCa,
 author = {{Delhi Pollution Control Committee}},
 title = {Classification/Categorization of the Units/ Activities in View of the Office Order},
 date = {2016-04-12},
 url = {https://bit.ly/2OtCqtv}}

@report{DPCCb,
 author = {{Delhi Pollution Control Committee}},
 title = {Inspection Procedure Under Water and Air Acts Along with Authorization Under Hazardous Waste Management Rules, 2016},
 date = {2016},
 url = {https://bit.ly/2NMo8XU}}

 @report{DPCC17,
 author = {{Delhi Pollution Control Committee}},
 title = {Office Order},
 date = {2017},
 url = {https://bit.ly/2NQMeAG}}

 @report{DIPPa,
 author = {{Department of Industrial Policy and Promotion}},
 title = {Business Reforms Action Plan 2017 for States/UTs},
 date = {2017},
 url = {https://bit.ly/2MDD3z6}}

 @report{DIPPb,
 author = {{Department of Industrial Policy and Promotion}},
 title = {Delhi},
 date = {2017},
 url = {https://bit.ly/2MEGDJh}}

 @report{DIPPc,
 author = {{Department of Industrial Policy and Promotion}},
 title = {State Business Reform Action Plan, 2017},
 date = {2017},
 url = {http://bit.ly/2MPdATb}}

 @report{DIPPd,
 author = {{Department of Industrial Policy and Promotion}},
 title = {State Business Reform Action Plan, 2017 Orientation Workshop},
 date = {2017},
 url = {https://bit.ly/2xnxizZ}}

 @report{EPA,
 author = {{Environmental Protection Agency}},
 title = {Guidance for Preparing Standard Operating Procedures (SOPs)},
 date = {2007},
 url = {https://bit.ly/2KQ4rxB}}

 @report{EPAnd,
 author = {{Environmental Protection Agency}},
 title = {About Risk Assessment},
 url = {https://bit.ly/2D2fUGU}}

 @report{Saltane,
 author = {Geginat, Carolin, and Valentina Saltane},
 title = {“Open for Business?” - Transparent Government and Business Regulation},
 date = {2016},
 journal = {Journal of Economics and Business},
 volume = {88},
 pages = {1–-21},
 url = {https://bit.ly/2QElC4m}}

 @report{GPCB,
 author = {{Gujarat Pollution Control Board}},
 title = {Office Order},
 date = {2015},
 url = {https://bit.ly/2NNynLG}}

 @report{HPPCB,
 author = {{Himachal Pradesh Pollution Control Board}},
 title = {Supporting Documentation for Implementation of EoDB Reforms in the State of Himachal Pradesh},
 date = {2017},
 url = {https://bit.ly/2xnskmF}}

 @report{May2003,
 author = {May, Peter J., and Robert S. Wood},
 title = {At the Regulatory Front Lines: Inspectors' Enforcement Styles and Regulatory Compliance},
 date = {2003},
 journal = {Journal of Public Administration Research and Theory 13, no. 2},
 volume = {13},
 issue = {2},
 pages = {117--139},
 url = {https://bit.ly/2OuQNOn}}

%livemint is a newspaper, please cite accordingly 
 @online{livemintnews,
 author = {Nanda, Prashant K},
 title = {Modi Launches Labour Reforms to Make Businesses in India Simpler},
 date = {2014-10-17},
 url = {https://bit.ly/2NlhvMI}}

 @report{NGT,
 author = {{National Green Tribunal}},
 title = {Rajendra Singh Bhandari Vs. State of U. K. \& Ors. and Rajendra Singh Bhandari Vs. State of Uttarakhand \& Ors},
 year = {2017},
 url = {https://bit.ly/2QCGfxZ}}

%find out the correct author and publisher for these reports. Even if they're the same, add another entry for author.
 @report{OECD06,
 author = {OECD},
 date = {2006},
 title = {Environmental Compliance and Enforcement in India: Rapid Assessment},
 url = {https://bit.ly/2xgR2pA}}

 @report{OECD14,
 author = {OECD},
 title = {Regulatory Enforcement and Inspections},
 year = {2014},
 url = {https://bit.ly/2pcRf8P}}

 @report{OECD18,
 author = {OECD},
 title = {OECD Regulatory Enforcement and Inspections Toolkit, OECD Publishing, Paris},
 year = {2018},
 url = {http://bit.ly/2MTMMBh}}

 @report{PHD,
 author = {{PHD Research Bureau: PHD Chamber of Commerce \& Industry}},
 title = {Impact of Labour Reforms on Industry in Rajasthan: A Survey Study},
 year = {2015},
 url = {https://bit.ly/2xgX7lN}}

 @article{PWC,
 author = {PWC},
 title = {Public Finance Newsletter},
 year = {2017},
 url = {https://pwc.to/2NjzymC}}

 @report{Schweinberger,
 author = {Schweinberger, Kirsten and Quesel, Carsten and Mahler, Sara and Hochli, Andrea},
 title = {Effects of Feedback on Process Features of School Quality: A Longitudinal Study on Teachers’ Reception of School Inspection of Swiss Compulsory Schools},
 year = {2017},
 journal = {Studies in Educational Evaluation},
 volume = {55},
 pages = {75--82},
 url = {https://bit.ly/2QBY1l2}}

 @report{Stoneburner,
 author = {Stoneburner, Goguen and Feringa, Alexis},
 title = {Risk Management Guide for Information Technology Systems},
 year = {2002},
 institution = {MD: National Institute of Standards and Technology, Technology Administration, U.S. Department of Commerce},
 url = {https://bit.ly/2QB4g8A}}

 @report{UKPCB,
 author = {{Uttarakhand Environment Protection and Pollution Control Board}},
 title = {Business Reform Action Plan - 2017},
 year = {2017},
 url = {https://bit.ly/2Ov1Fvq}}
